<record><leader>00000cas a22000007a 4500</leader><controlfield tag="001">20325694</controlfield><controlfield tag="008">890911d19681970mouwr ne      0    0eng d</controlfield><datafield ind1=" " ind2=" " tag="010"><subfield code="a">sn 89067042 </subfield></datafield><datafield ind1=" " ind2=" " tag="040"><subfield code="a">MQN</subfield><subfield code="b">eng</subfield><subfield code="c">MQN</subfield><subfield code="d">OCLCQ</subfield></datafield><datafield ind1=" " ind2=" " tag="042"><subfield code="a">msc</subfield></datafield><datafield ind1="0" ind2="0" tag="245"><subfield code="a">Newton County news and Granby record.</subfield></datafield><datafield ind1=" " ind2=" " tag="260"><subfield code="a">Granby, Mo. :</subfield><subfield code="b">Ozark Pub. Co.,</subfield><subfield code="c">1968-1970.</subfield></datafield><datafield ind1=" " ind2=" " tag="300"><subfield code="a">v.</subfield></datafield><datafield ind1=" " ind2=" " tag="310"><subfield code="a">Weekly</subfield></datafield><datafield ind1="0" ind2=" " tag="362"><subfield code="a">Vol. 35, no. 20 (May 16, 1968)-v. 37, no. 49 (Dec. 3, 1970).</subfield></datafield><datafield ind1=" " ind2=" " tag="515"><subfield code="a">Continues numbering of: Newton County news (Diamond, Mo.).</subfield></datafield><datafield ind1=" " ind2=" " tag="752"><subfield code="a">United States</subfield><subfield code="b">Missouri</subfield><subfield code="c">Newton</subfield><subfield code="d">Granby.</subfield></datafield><datafield ind1="0" ind2="4" tag="780"><subfield code="t">Newton County news (Diamond, Mo.)</subfield><subfield code="w">(DLC)sn 89067027</subfield></datafield><datafield ind1="0" ind2="4" tag="780"><subfield code="t">Granby record</subfield><subfield code="w">(DLC)sn 89067041</subfield></datafield><datafield ind1="0" ind2="0" tag="785"><subfield code="t">Newton County news-record</subfield><subfield code="w">(DLC)sn 89067043</subfield></datafield></record>